@article{article:zabrodin:2017,
   title="{KZ-Calogero correspondence revisited}",
   volume={50},
   ISSN={1751-8121},
   DOI={10.1088/1751-8121/aa6a6d},
   number={20},
   journal={Journal of Physics A: Mathematical and Theoretical},
   publisher={IOP Publishing},
   author={Zabrodin, A. and Zotov, A.},
   year={2017},
   month=apr, pages={205202} }


@article{article:molev:2019,
   title="{Higher-order Hamiltonians for the trigonometric Gaudin model}",
   volume={109},
   ISSN={1573-0530},
   DOI={10.1007/s11005-019-01170-2},
   number={9},
   journal={Letters in Mathematical Physics},
   publisher={Springer Science and Business Media LLC},
   author={Molev, A. and Ragoucy, E.},
   year={2019},
   month=apr, pages={2035–2048}
}


@misc{article:etingof:1998,
      title="{A link between two elliptic quantum groups}", 
      author={Etingof, P. and Schiffmann, O.},
      year={1998},
      eprint={math/9801108},
      archivePrefix={arXiv},
      primaryClass={math.QA}
}

@article{article:costello:2018b,
   title="{Gauge Theory And Integrability, II}",
   volume={6},
   ISSN={2326-4845},
   DOI={10.4310/iccm.2018.v6.n1.a7},
   number={1},
   journal={Notices of the International Congress of Chinese Mathematicians},
   publisher={International Press of Boston},
   author={Costello, K. and Witten, E. and Yamazaki, M.},
   year={2018},
   pages={120–146} }


@article{article:arutyunov:1998,
   title="{On the Hamiltonian structure of the spin Ruijsenaars-Schneider model}",
   volume={31},
   ISSN={1361-6447},
   DOI={10.1088/0305-4470/31/18/010},
   number={18},
   journal={Journal of Physics A: Mathematical and General},
   publisher={IOP Publishing},
   author={Arutyunov, G. and Frolov, S.},
   year={1998},
   month=may, pages={4203–4216}
}


@article{article:zabrodin:2022,
   title="{Field analogue of the Ruijsenaars-Schneider model}",
   volume={2022},
   ISSN={1029-8479},
   DOI={10.1007/jhep07(2022)023},
   number={7},
   journal={Journal of High Energy Physics},
   publisher={Springer Science and Business Media LLC},
   author={Zabrodin, A. and Zotov, A.},
   year={2022},
   month=July}


@misc{article:hasegawa:1995,
      title="{Ruijsenaars' commuting difference operators as commuting transfer matrices}", 
      author={K. Hasegawa},
      year={1995},
      eprint={q-alg/9512029},
      archivePrefix={arXiv},
      primaryClass={q-alg}
}

@misc{article:soibelman:1997,
      title={Meromorphic tensor categories}, 
      author={Y. Soibelman},
      year={1997},
      eprint={q-alg/9709030},
      archivePrefix={arXiv},
      primaryClass={q-alg}
}

@article{article:brochier:2017,
   title="{Fourier transform for quantum $D$-modules via the punctured torus mapping class group}",
   volume={8},
   ISSN={1663-487X},
   url={http://dx.doi.org/10.4171/QT/92},
   DOI={10.4171/qt/92},
   number={2},
   journal={Quantum Topology},
   publisher={European Mathematical Society - EMS - Publishing House GmbH},
   author={Brochier, A. and Jordan, D.},
   year={2017},
   pages={361–379}
}

@misc{article:benzvi2:2018,
      title="{Quantum character varieties and braided module categories}", 
	author={Ben‐Zvi, D. and Brochier, A. and Jordan, D.},
      year={2018},
      eprint={1606.04769},
      archivePrefix={arXiv},
      primaryClass={math.QA}
}

@article{article:murphy:1981,
	title = "{A new construction of Young's seminormal representation of the symmetric groups}",
	journal = {Journal of Algebra},
	volume = {69},
	number = {2},
	pages = {287-297},
	year = {1981},
	issn = {0021-8693},
	doi = {https://doi.org/10.1016/0021-8693(81)90205-2},
	author = {G. Murphy}
}

@misc{notes:beisert:2014,
	title="{Integrability in QFT and AdS/QFT (lecture notes for ABGP Doctoral School, 2014
)}",
	author={N. Beisert},
	year={2014}
}

@article{article:nazarov:2019,
	title="{Double Yangian and the universal R-matrix}",
	volume={15},
	ISSN={1861-3624},
	DOI={10.1007/s11537-019-1912-5},
	number={1},
	journal={Japanese Journal of Mathematics},
	publisher={Springer Science and Business Media LLC},
	author={Nazarov, M.},
	year={2019},
	month={December},
	pages={169–221}
}

@misc{article:wendlandt:2022,
      title="{The restricted quantum double of the Yangian}", 
      author={C. Wendlandt},
      year={2022},
      eprint={2204.00983},
      archivePrefix={arXiv},
      primaryClass={math.QA}
}

@article{article:benzvi:2018,
	title="{Integrating quantum groups over surfaces}",
	volume={11},
	ISSN={1753-8424},
	DOI={10.1112/topo.12072},
	number={4},
	journal={Journal of Topology},
	publisher={Wiley},
	author={Ben‐Zvi, D. and Brochier, A. and Jordan, D.},
	year={2018},
	month={August}, pages={874–917}
}

@book{book:bakalov,
	author = {Bakalov, B. and Kirillov, A.},
	publisher = {American Mathematical Society, Providence, RI},
	title = "{Lectures on Tensor Categories and Modular Functors}",
	year = 2001
}

@misc{article:lascoux,
	title="{The Newton interpolation formula, with more variables}",
	author={A. Lascoux},
	url={https://api.newton.ac.uk/website/v0/events/preprints/NI01013}
}
	

@misc{article:bakalov:1998,
      title="{On the Lego-Teichmuller game}", 
      author={B. Bakalov and A. Kirillov},
      year={1998},
      eprint={math/9809057},
      archivePrefix={arXiv},
      primaryClass={math.GT}
}

@article{article:mousaaid:2021,
	doi = {10.5802/jep.158},
	year = 2021,
	month = {March},
	publisher = {Cellule {MathDoc}/{CEDRAM}},
	volume = {8},
	pages = {791--829},
	author = {Y. Mousaaid and A. Savage},
	title = "{Affinization of monoidal categories}",
	journal = {Journal de l'{\'{E}}cole polytechnique {\textemdash} Math{\'{e}}matiques}
}

@misc{article:hansen:2019,
      title="{Constructing symmetric monoidal bicategories functorially}", 
      author={L. Hansen and M. Shulman},
      year={2019},
      eprint={1910.09240},
      archivePrefix={arXiv},
      primaryClass={math.CT}
}

@misc{article:kodera:2016,
	title="{Higher level Fock spaces and affine Yangian}", 
	author={R. Kodera},
	year={2016},
	eprint={1607.03237},
	archivePrefix={arXiv},
	primaryClass={math.RT}
}

@article{article:costello:2018,
	doi = {10.4310/iccm.2018.v6.n1.a6},
	year = 2018,
	publisher = {International Press of Boston},
	volume = {6},
	number = {1},
	pages = {46--119},
	author = {K. Costello and E. Witten and M. Yamazaki},
	title = "{Gauge Theory And Integrability, I}",
	journal = {Notices of the International Congress of Chinese Mathematicians}
}

@misc{thesis:antor:2020,
	title="{Affine versions of Schur-Weyl duality (master's thesis)}",
	author={J. Antor},
	year={2020},
	url="https://www.math.uni-bonn.de/ag/stroppel/Masterarbeit_Antor-4-1.pdf"
}

@misc{article:chari:1995,
	title="{Quantum affine algebras and affine Hecke algebras}", 
	author={V. Chari and A. Pressley},
	year={1995},
	eprint={q-alg/9501003},
	archivePrefix={arXiv},
	primaryClass={q-alg}
}

@article{article:ruijsenaars:1987,
	author = "Ruijsenaars, S.",
	title = "{Complete Integrability of Relativistic Calogero-Moser Systems and Elliptic Function Identities}",
	reportNumber = "MPI-PAE/PTh 26/86",
	doi = "10.1007/BF01207363",
	journal = "Commun. Math. Phys.",
	volume = "110",
	pages = "191",
 	year = "1987"
}

@article{article:bernard:1993,
	doi = {10.1088/0305-4470/26/20/010},
	year = 1993,
	month = {October},
	publisher = {{IOP} Publishing},
	volume = {26},
	number = {20},
	pages = {5219--5236},
	author = {D. Bernard and M. Gaudin and F. Haldane and V. Pasquier},
	title = "{Yang-Baxter equation in long-range interacting systems}",
	journal = {Journal of Physics A: Mathematical and General}
}

@misc{article:etingof:2009,
	title="{Lectures on Calogero-Moser systems}", 
	author={P. Etingof},
	year={2009},
	eprint={math/0606233},
	archivePrefix={arXiv},
	primaryClass={math.QA}
}

@article{article:jimbo:1995,
	doi = {10.1088/0305-4470/28/19/014},
	year = 1995,
	month = {October},
	publisher = {{IOP} Publishing},
	volume = {28},
	number = {19},
	pages = {5589--5606},
	author = {M. Jimbo and R. Kedem and H. Konno and T. Miwa and J.-U. Petersen},
	title = "{Level-0 structure of level-1 $U_q(\widehat{\mathfrak{sl}}_2)$-modules and Macdonald polynomials}",
	journal = {Journal of Physics A: Mathematical and General}
}

@article{article:chari:1990,
	title="{Yangians and R-matrices}",
	author={Chari, V. and Pressley, A.},
	journal={L’Enseign. Math},
	volume={36},
	pages={267--302},
	year={1990}
}

@article{article:nazarov:1996,
	doi = {10.1007/bf02099459},
	year = 1996,
	month = {May},
	publisher = {Springer Science and Business Media {LLC}},
	volume = {178},
	number = {2},
	pages = {483--506},
	author = {M. Nazarov and G. Olshanski},
	title = "{Bethe subalgebras in twisted Yangians}",  
	journal = {Communications in Mathematical Physics}
}

@article{article:kuniba:1994,
	doi = {10.1142/s0217751x94002119},
	year = 1994,
	month = {December},
	publisher = {World Scientific Pub Co Pte Lt},
	volume = {09},
	number = {30},
	pages = {5215--5266},
	author = {Kuniba, A. and Nakanishi, T. and Suzuki, J.},
	title = "{Functional Relations in Solvable Lattice Models I: Functional Relations and Representation Theory}",
	journal = {International Journal of Modern Physics A}
}

@book{book:arnold,
	author = {Arnold, V.},
	publisher = {Springer},
	title = {Mathematical methods of classical mechanics},
	volume = 60,
	year = 1989
}

@article{article:lacroix:2021,
	doi = {10.3842/sigma.2021.058},
	year = 2021,
	month = {June},
	publisher = {{SIGMA} (Symmetry, Integrability and Geometry: Methods and Application)},
	author = {S. Lacroix and B. Vicedo},
	title = "{Integrable $\mathcal{E}$-Models, 4d Chern-Simons Theory and Affine Gaudin Models. I. Lagrangian Aspects}",
	journal = {Symmetry, Integrability and Geometry: Methods and Applications}
}

@article{article:braden:1997,
	doi = {10.1143/ptp.97.1003},
	year = 1997,
	month = {June},
	publisher = {Oxford University Press ({OUP})},
	volume = {97},
	number = {6},
	pages = {1003--1017},
	author = {H. W. Braden and R. Sasaki},
	title = "{The Ruijsenaars-Schneider Model}",
	journal = {Progress of Theoretical Physics}
}

@misc{article:costello:2013,
	title="{Supersymmetric gauge theory and the Yangian}", 
	author={Costello, K.},
	year={2013},
	eprint={1303.2632},
	archivePrefix={arXiv},
	primaryClass={hep-th}
}

@article{article:lacroix:2022,
	doi = {10.1088/1751-8121/ac48ed},
	year = 2022,
	month = {February},
	publisher = {{IOP} Publishing},
	volume = {55},
	number = {8},
	pages = {083001},
	author = {Lacroix, S.},
	title = "{Four-dimensional Chern-Simons theory and integrable field theories}",
	journal = {Journal of Physics A: Mathematical and Theoretical}
}

@article{article:gorsky:2014,
	doi = {10.1007/jhep01(2014)070}, 
	year = 2014,
	month = {January},
	publisher = {Springer Science and Business Media {LLC}},
	volume = {2014},
	number = {1},
	author = {A. Gorsky and A. Zabrodin and A. Zotov},
	title = "{Spectrum of quantum transfer matrices via classical many-body systems}",
	journal = {Journal of High Energy Physics}
}

@article{article:guay:2005,
	author = {Guay, N.},
	title = "{Cherednik algebras and Yangians}",
	journal = {International Mathematics Research Notices},
	volume = {2005},
	number = {57},
	pages = {3551-3593},
	year = {2005},
	month = {01},
	issn = {1073-7928},
	doi = {10.1155/IMRN.2005.3551},
}

@article{article:kulish:1981,
	author = "Kulish, P. and Reshetikhin, N. and Sklyanin, E.",
	title = "{Yang-Baxter Equation and Representation Theory. 1.}",
	doi = "10.1007/BF02285311",
	journal = "Lett. Math. Phys.",
	volume = "5",
	pages = "393--403",
	year = "1981"
}

@article{article:tsuboi:2015,
	doi = {10.1007/jhep05(2015)086},
	year = 2015,
	month = {May},
	publisher = {Springer Science and Business Media {LLC}},
	volume = {2015},
	number = {5},
	author = {Tsuboi, Z. and Zabrodin, A. and Zotov, A.},
	title = "{Supersymmetric quantum spin chains and classical integrable systems}",
	journal = {Journal of High Energy Physics}
}

@article{article:gorsky:2022,
	doi = {10.1007/jhep04(2022)159},
	year = 2022,
	month = {April},
	publisher = {Springer Science and Business Media {LLC}},
	volume = {2022},
	number = {4},
	author = {Gorsky, A. and Vasilyev, M. and Zotov, A.},
	title = "{Dualities in quantum integrable many-body systems and integrable probabilities. Part I}",
	journal = {Journal of High Energy Physics}
}

@article{article:lamers:2022,
	doi = {10.1007/s00220-022-04318-9},
	year = 2022,
	month = {May},
	publisher = {Springer Science and Business Media {LLC}},
	volume = {393},
	number = {1},
	pages = {61--150},
	author = {Lamers, J. and Pasquier, V. and Serban, D.},
	title = "{Spin-Ruijsenaars, $q$-Deformed Haldane{\textendash}Shastry and Macdonald Polynomials}",
	journal = {Communications in Mathematical Physics}
}

@article{article:chalykh:2000,
	author = {Chalykh, O. A.},
	title = "{Bispectrality for the quantum Ruijsenaars model and its integrable deformation}",
	journal = {Journal of Mathematical Physics},
	volume = {41},
	number = {8},
	pages = {5139-5167},
	year = {2000},
	month = {08},
	issn = {0022-2488},
	doi = {10.1063/1.533399},
	url = {https://doi.org/10.1063/1.533399}
}

@misc{article:oblomkov:2003,
	title="{Double affine Hecke algebras and Calogero-Moser spaces}", 
	author={Oblomkov, A.},
	year={2003},
	eprint={math/0303190},
	archivePrefix={arXiv},
	primaryClass={math.RT}
}

@article{article:suzuki:1998,
	title="{Rogawski’s conjecture on the Jantzen filtration for the degenerate affine Hecke algebra of type A}",
	author={Suzuki, T.},
	journal={Representation Theory of The American Mathematical Society},
	year={1998},
	volume={2},
	pages={393-409}
}

@article{article:molev:2008,
	doi = {10.1016/s0034-4877(08)80005-5},
	year = 2008,
	month = {April},
	publisher = {Elsevier {BV}},
	volume = {61},
	number = {2},
	pages = {181--188},
	author = {Molev, A.},
	title = {On the fusion procedure for the symmetric group},
	journal = {Reports on Mathematical Physics}
}

@article{article:loebbert:2016,
	doi = {10.1088/1751-8113/49/32/323002},
	url = {https://dx.doi.org/10.1088/1751-8113/49/32/323002},
	year = {2016},
	month = {July},
	publisher = {IOP Publishing},
	volume = {49},
	number = {32},
	pages = {323002},
	author = {Loebbert, F.},
	title = {Lectures on Yangian symmetry},
	journal = {Journal of Physics A: Mathematical and Theoretical}
}

@article{article:drinfeld:1985,
	author = "Drinfeld, V.",
	title = "{Hopf algebras and the quantum Yang-Baxter equation}",
	journal = "Sov. Math. Dokl.",
	volume = "32",
	pages = "254--258",
	year = "1985"
}

@article{article:drinfeld:1986,
	author = "Drinfeld, V.",
	title = "{Degenerate affine Hecke algebras and Yangians}",
	journal = "Functional Analysis and Its Applications",
	volume = "20",
	year = "1986"
}

@misc{article:davydov:2010,
      title="{A categorical approach to classical and quantum Schur-Weyl duality}", 
      author={Davydov, A. and Molev, A.},
      year={2010},
      eprint={1008.3739},
      archivePrefix={arXiv},
      primaryClass={math.RT}
}

@article{article:arakawa:1999,
	doi = {10.1007/s002200050664},
	year = 1999,
	month = {August},
	publisher = {Springer Science and Business Media {LLC}},
	volume = {205},
	number = {1},
	pages = {1--18},
	author = {Arakawa, T.},
	title = "{Drinfeld Functor and Finite-Dimensional Representations of Yangian}",
	journal = {Communications in Mathematical Physics}
}

@book{book:molev,
	author = {Molev, A.},
	journal = {Mathematical surveys and monographs},
	publisher = {American Mathematical Society},
	title = {Yangians and Classical Lie Algebras},
	year = {2007}
}

@book{book:arutyunov:elements,
	author = {G. Arutyunov},
	publisher = {Springer Cham},
	title = {Elements of Classical and Quantum Integrable Systems},
	year = {2020}
}

@unpublished{book:arutyunov:betheAnsatz,
	author = {G. Arutyunov},
	title = {Bethe Ansatz (to be published)}
}
